@article{blum,
  author    = {Manuel Blum},
  title     = {A Machine-Independent Theory of the Complexity of Recursive Functions},
  journal   = {Journal of the {ACM}},
  volume    = {14},
  number    = {2},
  pages     = {322--336},
  year      = {1967}
}

@book{ullman,
  author    = {John E. Hopcroft and
              Jeffrey D. Ullman},
  title     = {Introduction to automata theory, languages, and computation},
  publisher = {Addison-Wesley Publishing Company, Inc.},
  year      = {1979},
  isbn      = {0-201-02988-X}
}